ISA*00*          *00*          *27*SenderId       *ZZ*ReceiverId     *100127*0412*U*00401*002600374*0*P*:~GS*HP*SenderCode*ReceiverCode*20090127*041214*1795*X*004010X091A1~ST*835*000000001~BPR*I*1744.47*C*ACH*CCP*01*123456789*DA*1234567*1234567890**01*123456789*DA*123456789*20090128~TRN*1*123456789*1234567890~REF*EV*12345~DTM*405*20090126~N1*PR*GREEN LAKE INSURANCE SERVICES, INC.~N3*P.O. BOX 1234~N4*EVANSVILLE*IN*477220000~REF*2U*12345~PER*CX*GREEN LAKE INSURANCE SERVICES, INC.*TE*1234567890~N1*PE*WOODLAND PARK PAIN CLINIC*XX*5123456789~N3*478 WICKER RD~N4*COLUMBUS*OH*432010000~REF*TJ*123456789~LX*1~CLP*WP532657*1*170*46.64*11.66*HM*0947382744596~NM1*QC*1*BAILEY*LEONARD****HN*123456789A~NM1*74*1***N~NM1*82*1******XX*5123456789~MOA***MA01~DTM*050*20090114~SVC*HC:99213*170*46.64**1~DTM*472*20081221~CAS*CO*45*111.7~CAS*PR*2*11.66~REF*6R*123456789~REF*LU*11~AMT*B6*58.3~CLP*WP532559*19*1715*203.32*87.68*HM*09754874752699~NM1*QC*1*BLUNT*CARRIE****HN*123456789A~NM1*82*1******XX*5123456789~NM1*TT*2*ILLI. HEALTH AND FAMILY SERVICES*****PI*PayerId~MOA***MA01*MA07~DTM*050*20090114~SVC*HC:27096:50*1400*154.8**1~DTM*472*20090105~CAS*CO*45*1169.66~CAS*PR*1*36.84**2*38.7~REF*6R*123456789~REF*LU*11~AMT*B6*230.34~SVC*HC:77003*250*42.58**1~DTM*472*20090105~CAS*CO*45*196.77~CAS*PR*2*10.65~REF*6R*123456789~REF*LU*11~AMT*B6*53.23~SVC*HC:J1040*60*5.68**1~DTM*472*20090105~CAS*CO*45*52.9~CAS*PR*2*1.42~REF*6R*123456789~REF*LU*11~AMT*B6*7.1~SVC*HC:Q9966*5*.26**1~DTM*472*20090105~CAS*CO*45*4.67~CAS*PR*2*.07~REF*6R*123456789~REF*LU*11~AMT*B6*.33~CLP*WP532559*19*120*24.69*6.17*HM*0948938497223~NM1*QC*1*BLUNT*CARRIE****HN*123456789A~NM1*82*1******XX*5123456789~NM1*TT*2*ILLI. HEALTH AND FAMILY SERVICES*****PI*PayerId~MOA***MA01*MA07~DTM*050*20090114~SVC*HC:99212:25*120*24.69**1~DTM*472*20090106~CAS*CO*45*89.14~CAS*PR*2*6.17~REF*6R*123456789~REF*LU*11~AMT*B6*30.86~CLP*WP532759*19*2695*195.79*203.95*HM*0917386478270~NM1*QC*1*DICKINSON*MICHAEL****HN*123456789A~NM1*74*1***N~NM1*82*1******XX*5123456789~NM1*TT*2*CONNECTICUT GENERAL LIFE INS CO*****PI*PayerId~MOA***MA01*MA18~DTM*050*20090114~SVC*HC:62264*1190*158.06**1~DTM*472*20090105~CAS*CO*45*837.42~CAS*PR*1*155**2*39.52~REF*6R*123456789~REF*LU*11~AMT*B6*352.58~SVC*HC:J0702*400*20.99**4~DTM*472*20090105~CAS*CO*45*373.76~CAS*PR*2*5.25~REF*6R*123456789~REF*LU*11~AMT*B6*26.24~SVC*HC:Q9966*60*3.12**12~DTM*472*20090105~CAS*CO*45*56.1~CAS*PR*2*.78~REF*6R*123456789~REF*LU*11~AMT*B6*3.9~SVC*HC:J3470*175*11.71**1~DTM*472*20090105~CAS*CO*45*160.36~CAS*PR*2*2.93~REF*6R*123456789~REF*LU*11~AMT*B6*14.64~SVC*HC:J0690*100*.97**2~DTM*472*20090105~CAS*CO*45*98.79~CAS*PR*2*.24~REF*6R*123456789~REF*LU*11~AMT*B6*1.21~SVC*HC:J2250*10*.09**1~DTM*472*20090105~CAS*CO*45*9.89~CAS*PR*2*.02~REF*6R*123456789~REF*LU*11~AMT*B6*.11~SVC*HC:J1885*760*.85**4~DTM*472*20090105~CAS*CO*45*758.94~CAS*PR*2*.21~REF*6R*123456789~REF*LU*11~AMT*B6*1.06~CLP*WP532801*19*595*99.5*24.88*HM*09128382898480~NM1*QC*1*DUNNE*RICHARD****HN*123456789A~NM1*74*1***N~NM1*82*1******XX*5123456789~NM1*TT*2*CONNECTICUT GENERAL LIFE INS CO*****PI*PayerId~MOA***MA01*MA18~DTM*050*20090114~SVC*HC:01992:QZ:QS*595*99.5**1**15~DTM*472*20090105~CAS*CO*45*470.62~CAS*PR*2*24.88~REF*6R*123456789~REF*LU*11~AMT*B6*124.38~CLP*WP532815*1*340*53.51*13.38*HM*0922319009395~NM1*QC*1*GARGANO*MARIO****HN*123456789A~NM1*74*1***L~NM1*82*1******XX*5123456789~MOA***MA01~DTM*050*20090114~SVC*HC:99203:25*340*53.51**1~DTM*472*20081209~CAS*CO*45*273.11~CAS*PR*2*13.38~REF*6R*123456789~REF*LU*22~AMT*B6*66.89~CLP*WP532821*1*600*241.32*0*HM*09111029939281~NM1*QC*1*GRGICH*FRANK****HN*123456789A~NM1*74*1***L~NM1*82*1******XX*5123456789~MOA***MA01~DTM*050*20090114~SVC*HC:80101:QW*600*241.32**12~DTM*472*20081209~CAS*CO*45*358.68~REF*6R*123456789~REF*LU*11~AMT*B6*241.32~CLP*WP532855*19*120*23.81*5.95*HM*0993018494233~NM1*QC*1*HOBSON*KEISHA****HN*123456789A~NM1*74*1***E~NM1*82*1******XX*5123456789~NM1*TT*2*HCSC-BCBS OF IL-NON-STD A & B*****PI*PayerId~MOA***MA01*MA18~DTM*050*20090114~SVC*HC:99212*120*23.81**1~DTM*472*20081230~CAS*CO*45*90.24~CAS*PR*2*5.95~REF*6R*123456789~REF*LU*11~AMT*B6*29.76~CLP*WP532891*19*1425*192.33*78.71*HM*091017483785775~NM1*QC*1*HUBERT*ISABELLE****HN*123456789A~NM1*74*1***S~NM1*82*1******XX*5123456789~NM1*TT*2*ILLI. HEALTH AND FAMILY SERVICES*****PI*PayerId~MOA***MA01*MA07~DTM*050*20090114~SVC*HC:62310*765*128.24**1~DTM*472*20090105~CAS*CO*45*574.08~CAS*PR*1*30.62**2*32.06~REF*6R*123456789~REF*LU*11~AMT*B6*190.92~SVC*HC:77003*250*42.58**1~DTM*472*20090105~CAS*CO*45*196.77~CAS*PR*2*10.65~REF*6R*123456789~REF*LU*11~AMT*B6*53.23~SVC*HC:J0702*400*20.99**4~DTM*472*20090105~CAS*CO*45*373.76~CAS*PR*2*5.25~REF*6R*123456789~REF*LU*11~AMT*B6*26.24~SVC*HC:Q9966*10*.52**2~DTM*472*20090105~CAS*CO*45*9.35~CAS*PR*2*.13~REF*6R*123456789~REF*LU*11~AMT*B6*.65~CLP*WP532998*1*1425*142.21*128.83*HM*0922392039912~NM1*QC*1*LEIGH*JANICE****HN*123456789B6~NM1*74*1***K***C*123456789D6~NM1*82*1******XX*5123456789~MOA***MA01*MA27~DTM*050*20090114~SVC*HC:62310*765*78.12**1~DTM*472*20090105~CAS*CO*45*574.08~CAS*PR*1*93.27**2*19.53~REF*6R*123456789~REF*LU*11~AMT*B6*190.92~SVC*HC:77003*250*42.58**1~DTM*472*20090105~CAS*CO*45*196.77~CAS*PR*2*10.65~REF*6R*123456789~REF*LU*11~AMT*B6*53.23~SVC*HC:J0702*400*20.99**4~DTM*472*20090105~CAS*CO*45*373.76~CAS*PR*2*5.25~REF*6R*123456789~REF*LU*11~AMT*B6*26.24~SVC*HC:Q9966*10*.52**2~DTM*472*20090105~CAS*CO*45*9.35~CAS*PR*2*.13~REF*6R*123456789~REF*LU*11~AMT*B6*.65~CLP*WP533017*1*510*94.53*23.63*HM*0911538277382~NM1*QC*1*LINDSTROM*ERICA****HN*123456789B6~NM1*74*1***K***C*123456789D6~NM1*82*1******XX*5123456789~MOA***MA01*MA27~DTM*050*20090114~SVC*HC:01992:QZ:QS*510*94.53**.7**10~DTM*472*20090105~CAS*CO*45*391.84~CAS*PR*2*23.63~REF*6R*123456789~REF*LU*11~AMT*B6*118.16~CLP*WP533079*19*510*52.87*65.29*HM*0944738374837~NM1*QC*1*PATEL*MUKESH****HN*123456789A~NM1*74*1*PATEL~NM1*82*1******XX*5123456789~NM1*TT*2*ILLI. HEALTH AND FAMILY SERVICES*****PI*PayerId~MOA***MA01*MA07~DTM*050*20090114~SVC*HC:01992:QZ:QS*510*52.87**.7**10~DTM*472*20090105~CAS*CO*45*391.84~CAS*PR*1*52.07**2*13.22~REF*6R*123456789~REF*LU*11~AMT*B6*118.16~CLP*WP533112*19*1335*167.09*78.62*HM*0928392839223~NM1*QC*1*PORTILLO*ERNESTO****HN*123456789A~NM1*82*1******XX*5123456789~NM1*TT*2*BCBS OF NORTH CAROLINA*****PI*PayerId~MOA***MA01*MA18~DTM*050*20090114~SVC*HC:62311*680*103.26**1~DTM*472*20090105~CAS*CO*45*514.09~CAS*PR*1*36.84**2*25.81~REF*6R*123456789~REF*LU*11~AMT*B6*165.91~SVC*HC:77003*250*42.58**1~DTM*472*20090105~CAS*CO*45*196.77~CAS*PR*2*10.65~REF*6R*123456789~REF*LU*11~AMT*B6*53.23~SVC*HC:J0702*400*20.99**4~DTM*472*20090105~CAS*CO*45*373.76~CAS*PR*2*5.25~REF*6R*123456789~REF*LU*11~AMT*B6*26.24~SVC*HC:Q9966*5*.26**1~DTM*472*20090105~CAS*CO*45*4.67~CAS*PR*2*.07~REF*6R*123456789~REF*LU*11~AMT*B6*.33~CLP*WP533192*19*673*103.43*188.86*HM*0925274877839~NM1*QC*1*SCHONEMAN*JOEL****HN*123456789A~NM1*74*1**JOEL*J~NM1*82*1******XX*5123456789~NM1*TT*2*INSURANCE ADMIN SOLUTIONS, LLC*****PI*PayerId~MOA***MA01*MA18~DTM*050*20090114~SVC*HC:62368*255*39.24**1~DTM*472*20081217~CAS*CO*45*205.95~CAS*PR*2*9.81~REF*6R*123456789~REF*LU*11~AMT*B6*49.05~SVC*HC:95991*255*64.19**1~DTM*472*20081217~CAS*CO*45*174.76~CAS*PR*2*16.05~REF*6R*123456789~REF*LU*11~AMT*B6*80.24~SVC*HC:J3490:KD*163*0**0**1~DTM*472*20081217~CAS*PR*96*163~REF*6R*123456789~REF*LU*11~LQ*HE*N130~CLP*WP532279*19*597*103.43*112.86*HM*0900392883917~NM1*QC*1*SOLANO*MARIA****HN*123456789A~NM1*74*1***R~NM1*82*1******XX*5123456789~NM1*TT*2*ILLI. HEALTH AND FAMILY SERVICES*****PI*PayerId~MOA***MA01*MA07~DTM*050*20090114~SVC*HC:62368*255*39.24**1~DTM*472*20081217~CAS*CO*45*205.95~CAS*PR*2*9.81~REF*6R*123456789~REF*LU*11~AMT*B6*49.05~SVC*HC:95991*255*64.19**1~DTM*472*20081217~CAS*CO*45*174.76~CAS*PR*2*16.05~REF*6R*123456789~REF*LU*11~AMT*B6*80.24~SVC*HC:J3490:KD*87*0**0**1~DTM*472*20081217~CAS*PR*96*87~REF*6R*123456789~REF*LU*11~LQ*HE*N130~SE*369*000000001~ST*835*000000002~BPR*I*187.86*C*ACH*CCP*01*123456789*DA*1234567*1234567890**01*123456789*DA*1234567890*20090610~TRN*1*123456789*1234567890~REF*EV*12345~DTM*405*20090608~N1*PR*GREEN LAKE INSURANCE SERVICES, INC.~N3*P.O. BOX 1234~N4*EVANSVILLE*IN*477220000~REF*2U*12345~PER*CX*GREEN LAKE INSURANCE SERVICES, INC.*TE*1234567890~N1*PE*WOODLAND PARK PAIN CLINIC*XX*5123456789~N3*478 WICKER RD~N4*COLUMBUS*OH*432010000~REF*TJ*123456789~LX*1~CLP*WP533512*19*210*41.47*10.37*HM*091234567890~NM1*QC*1*ANDERSON*SCOTT****HN*123456789ABC~NM1*82*1******XX*5123456789~NM1*TT*2*ILLI. HEALTH AND FAMILY SERVICES*****PI*PayerId~MOA***MA01*MA07~DTM*050*20090527~SVC*HC:99213:GC*210*41.47**1~DTM*472*20090517~CAS*CO*45*158.16~CAS*PR*2*10.37~REF*6R*123456789~REF*LU*22~AMT*B6*51.84~CLP*WP533527*19*1375*117.74*29.43*HM*091234567890~NM1*QC*1*HILLARIO*IMELDA****HN*123456789ABC~NM1*82*1******XX*5123456789~NM1*TT*2*ILLI. HEALTH AND FAMILY SERVICES*****PI*PayerId~MOA***MA01*MA07~DTM*050*20090527~SVC*HC:64405:50:GC*1050*100.72**1~DTM*472*20090518~CAS*CO*45*924.1~CAS*PR*2*25.18~REF*6R*123456789~REF*LU*22~AMT*B6*125.9~SVC*HC:20553:59:GC:51*325*17.02**1*HC:20553:59:GC~DTM*472*20090518~CAS*CO*45*282.46**59*21.27~CAS*PR*2*4.25~REF*6R*123456789~REF*LU*22~AMT*B6*21.27~CLP*WP533539*19*2140*134.09*33.53*HM*091234567890~NM1*QC*1*JACKSON*LYDIA****HN*123456789ABC~NM1*82*1******XX*5123456789~NM1*TT*2*UNITEDHEALTH GROUP*****PI*PayerId~MOA***MA01*MA18~DTM*050*20090527~SVC*HC:27096:50:GC*1470*88.86**1~DTM*472*20090429~CAS*CO*45*1358.92~CAS*PR*2*22.22~REF*6R*123456789~REF*LU*22~AMT*B6*111.08~SVC*HC:77003:26:59:GC*210*0**0**1~DTM*472*20090429~CAS*CO*18*210~REF*6R*123456789~REF*LU*22~SVC*HC:20610:RT:59:GC:51*250*21.06**1*HC:20610:RT:59:GC~DTM*472*20090429~CAS*CO*45*197.34**59*26.33~CAS*PR*2*5.27~REF*6R*123456789~REF*LU*22~AMT*B6*26.33~SVC*HC:77003:26:59:GC*210*24.17**1~DTM*472*20090429~CAS*CO*45*179.79~CAS*PR*2*6.04~REF*6R*123456789~REF*LU*22~AMT*B6*30.21~CLP*WP533589*19*1030*85.05*21.26*HM*091234567890~NM1*QC*1*KOCH*EDITH****HN*123456789ABC~NM1*82*1******XX*5123456789~NM1*TT*2*HCSC-BCBS OF IL,OTHER B ONLY*****PI*PayerId~MOA***MA01*MA18~DTM*050*20090527~SVC*HC:62310:58*1030*85.05**1~DTM*472*20090203~CAS*CO*45*923.69~CAS*PR*2*21.26~REF*6R*123456789~REF*LU*22~AMT*B6*106.31~CLP*WP533678*1*1395*139.42*34.85*HM*091234567890~NM1*QC*1*LEWIS*JAMAL****HN*123456789ABC~NM1*74*1*LEWIS**H~NM1*82*1******XX*5123456789~MOA***MA01*MA27~DTM*050*20090527~SVC*HC:62367*130*19.62**1~DTM*472*20080408~CAS*CO*45*105.48~CAS*PR*2*4.9~REF*6R*123456789~REF*LU*22~AMT*B6*24.52~AMT*KH*1.96~SVC*HC:64405:50*1050*88.65**1~DTM*472*20080415~CAS*CO*45*939.19~CAS*PR*2*22.16~REF*6R*123456789~REF*LU*22~AMT*B6*110.81~AMT*KH*8.87~SVC*HC:62368*215*31.15**1~DTM*472*20080415~CAS*CO*45*176.06~CAS*PR*2*7.79~REF*6R*123456789~REF*LU*22~AMT*B6*38.94~AMT*KH*3.12~CLP*WP533795*1*1375*117.74*29.43*HM*091234567890~NM1*QC*1*TARKOWSKI*STACY****HN*123456789ABC~NM1*74*1***R~NM1*82*1******XX*5123456789~MOA***MA01~DTM*050*20090527~SVC*HC:64405:50:GC*1050*100.72**1~DTM*472*20090518~CAS*CO*45*924.1~CAS*PR*2*25.18~REF*6R*123456789~REF*LU*22~AMT*B6*125.9~SVC*HC:20553:59:GC:51*325*17.02**1*HC:20553:59:GC~DTM*472*20090518~CAS*CO*45*282.46**59*21.27~CAS*PR*2*4.25~REF*6R*123456789~REF*LU*22~AMT*B6*21.27~PLB*1234567890*20091231*50:00*13.95~PLB*1234567891*20091231*WO:AX-1234567890*47.2*WO:AX-1234567891*82.5*WO:AX-1234567892*164.8*WO:AX-1234567893*139.2~SE*146*000000002~ST*835*000000003~BPR*I*861.01*C*CHK**01*123456789*DA*123456789*123456789 **01*123456789*DA*123456789*20090515~TRN*1*123456789*1234567890*123456789~DTM*405*20090515~N1*PR*GREAT WESTERN HEALTH INSURANCE COMPANY*XV*12345~N3*P.O. BOX 12345~N4*ALBANY*GA*31705~REF*2U*12345~N1*PE*WOODLAND PARK PAIN CLINIC*XX*5123456789~N3*478 WICKER RD~N4*COLUMBUS*OH*432010000~REF*G2*1234567~REF*TJ*123456789~LX*1~CLP*WP533414*2*1045*48**HM*123456789~NM1*QC*1*GALIANO*MONICA****MI*123456789~NM1*82*2******XX*5123456789~REF*1L*12345~DTM*050*20090415~DTM*232*20090218~AMT*I*.01~SVC*HC:00400:AA*1045*48**67~DTM*472*20090218~CAS*OA*23*997~AMT*B6*48~CLP*WP533479*1*2945*588.2**HM*123456789*21~NM1*QC*1*LATKOWSKI*ROSE****MI*123456789~NM1*82*2******XX*5123456789~REF*1L*12345~DTM*050*20090427~DTM*232*20090419~SVC*HC:00790:AA*2280*404.64**162~DTM*472*20090419~CAS*CO*45*1875.36~REF*6R*123456789~AMT*B6*404.64~SVC*HC:36620*285*53.25**1~DTM*472*20090419~CAS*CO*45*231.75~REF*6R*123456789~AMT*B6*53.25~SVC*HC:36556*380*130.31**1~DTM*472*20090419~CAS*CO*45*249.69~REF*6R*123456789~AMT*B6*130.31~CLP*WP533557*1*855*224.8**HM*123456789*21~NM1*QC*1*LINARES*JUANITA****MI*123456789~NM1*82*2******XX*5123456789~REF*1L*12345~DTM*050*20090427~DTM*232*20090419~SVC*HC:62319:59*855*224.8**1~DTM*472*20090419~CAS*CO*45*630.2~REF*6R*123456789~AMT*B6*224.8~PLB*123456789*20091231*L6:AX173827-67326*-.01~SE*59*000000003~GE*3*1795~IEA*1*002600374~